@article{schneider2000enforceable,
  title={Enforceable security policies},
  author={Schneider, Fred B},
  journal={ACM Transactions on Information and System Security (TISSEC)},
  volume={3},
  number={1},
  pages={30--50},
  year={2000},
  publisher={ACM}
}
@article{basin2013enforceable,
  title={Enforceable security policies revisited},
  author={Basin, David and Jug{\'e}, Vincent and Klaedtke, Felix and Z{\u{a}}linescu, Eugen},
  journal={ACM Transactions on Information and System Security (TISSEC)},
  volume={16},
  number={1},
  pages={3},
  year={2013},
  publisher={ACM}
}
%%%%%%%%%%%%%%%%%%%%%%%%%%%%%%%%%%%%%%%%%%%%%%%%%%%%%%%%%%%%%%%%%%%%%%%%%%%%
%                                 ATTACKS                                  %
%%%%%%%%%%%%%%%%%%%%%%%%%%%%%%%%%%%%%%%%%%%%%%%%%%%%%%%%%%%%%%%%%%%%%%%%%%%%
@inproceedings{kallenberg2014failure,
	title = {{Setup For Failure: Defeating Secure Boot}},
	author = {{Corey Kallenberg} and {Sam Cornwell} and {Xeno Kovah} and {John Butterworth}},
	date = {2014-04},
	file = {Setup For Failure Defeating UEFI Secure Boot.pdf:/home/lethom/.mozilla/firefox/smvozhv6.default/zotero/storage/36BIEUBA/Setup For Failure Defeating UEFI Secure Boot.pdf:application/pdf}
}
@article{kallenberg2015racecondition,
  title={Speed Racer: Exploiting an Intel Flash Protection Race Condition},
  author={Kallenberg, Corey and Wojtczuk, Rafal}
}
@article{rutkowska2008remap,
  title={Preventing and detecting Xen hypervisor subversions},
  author={Rutkowska, Joanna and Wojtczuk, Rafal},
  journal={Blackhat Briefings USA},
  year={2008}
}
@inproceedings{domas2015sinkhole,
  title={{The Memory Sinkhole}},
  author={Christopher Domas},
  year={2015},
  month={july},
  booktitle={BlackHat USA}
}
@unpublished{bulygin2014bios,
	title = {{Summary of Attacks Against BIOS and Secure Boot}},
	note = {Def Con 22},
	author = {{Yuriy Bulygin} and {John Loucaides} and {Andrew Furtak} and {Oleksandr Bazhaniuk} and {Alexander Matrosov}},
	date = {2014-08},
	file = {Summary of Attacks Against BIOS and Secure Boot.pdf:/home/lethom/.mozilla/firefox/smvozhv6.default/zotero/storage/IUTSIHSV/DEFCON-22-Bulygin-Bazhaniul-Furtak-Loucaides-Summary-of-attacks-against-BIOS.pdf:application/pdf}
}
@report{wojtczuk2011txtbug,
	title = {Attacking Intel {TXT} via {SINIT} code execution hijacking},
	institution = {Invisible Things Lab},
	author = {{Rafal Wojtczuk} and {Joanna Rutkowska}},
	date = {2011-11},
}
@article{duflot2009smram,
        location = {Vancouver, Canada},
        title = {Getting into the {SMRAM}: {SMM} Reloaded},
        note = {{CanSecWest}},
        author = {{Loic Duflot} and {Olivier Levillain} and {Benjamin Morin} and {Olivier Grumelard}},
        date = {2009-03},
        keywords = {Attack},
}
@article{wojtczuk2009smram,
        title = {Attacking {SMM} Memory via Intel {CPU} Cache Poisoning},
        institution = {The Invisible Thing Lab},
        author = {{Rafal Wojtczuk} and {Joanna Rutkowska}},
        date = {2009-03},
        keywords = {Attack, Contournement protection hardware, {SMM}},
        file = {Attacking SMM Memory via Intel CPU Cache Poisoning.pdf:/home/lethom/.mozilla/firefox/smvozhv6.default/zotero/storage/3FZW7UVC/Attacking SMM Memory via Intel CPU Cache Poisoning.pdf:application/pdf}
}
%%%%%%%%%%%%%%%%%%%%%%%%%%%%%%%%%%%%%%%%%%%%%%%%%%%%%%%%%%%%%%%%%%%%%%%%%%%%
%                             DOCUMENTATION                                %
%%%%%%%%%%%%%%%%%%%%%%%%%%%%%%%%%%%%%%%%%%%%%%%%%%%%%%%%%%%%%%%%%%%%%%%%%%%%
@book{intel2015txt,
  title = {{Intel Trusted Execution Technology (Intel TXT)}},
  year = 2015,
  month = 07,
  author = {Intel},
}
@book{intel2014manual,
	title = {Intel 64 and {IA}32 Architectures Software Developer Manual},
	author = {{Intel}},
	date = {2014-09},
}
@book{intel2009mch,
  title={{Intel 5100 Memory Controller Hub Chipset}},
  author = {Intel},
  date = {2009-07},
}
@book{intel2013celeron,
	title = {{Desktop 4th Generation Intel Core Processor Family, Desktop Intel
    Pentium Processor Family, and Desktop Intel Celeron Processor Family}},
	author = {{Intel}},
	date = {2013-12},
}
%%%%%%%%%%%%%%%%%%%%%%%%%%%%%%%%%%%%%%%%%%%%%%%%%%%%%%%%%%%%%%%%%%%%%%%%%%%%
%                             TOOLS AND SOFT                               %
%%%%%%%%%%%%%%%%%%%%%%%%%%%%%%%%%%%%%%%%%%%%%%%%%%%%%%%%%%%%%%%%%%%%%%%%%%%%
@misc{intel2014chipsec,
  title = {{CHIPSEC: Platform Security Assessment Framework}},
  date = {2014-03},
  author = {Intel},
  howpublished = {\url{http://github.com/chipsec/chipsec}},
  urldate = {2016-05-09},
}